@article{armijo1966minimization,
  title={Minimization of functions having Lipschitz continuous first partial derivatives},
  author={Armijo, Larry},
  journal={Pacific Journal of Mathematics},
  volume={16},
  number={1},
  pages={1--3},
  year={1966},
  doi={10.2140/pjm.1966.16.1}
}

@article{wolfe1969convergence,
  title={Convergence conditions for ascent methods},
  author={Wolfe, Philip},
  journal={SIAM Review},
  volume={11},
  number={2},
  pages={226--235},
  year={1969},
  doi={10.1137/1011036}
}

@article{wolfe1971convergence,
  title={Convergence conditions for ascent methods. {II}: Some corrections},
  author={Wolfe, Philip},
  journal={SIAM Review},
  volume={13},
  number={2},
  pages={185--188},
  year={1971},
  doi={10.1137/1013035}
}

@article{more1994line,
  title={Line search algorithms with guaranteed sufficient decrease},
  author={Mor{\'e}, Jorge J and Thuente, David J},
  journal={ACM Transactions on Mathematical Software},
  volume={20},
  number={3},
  pages={286--307},
  year={1994},
  doi={10.1145/192115.192132}
}

@article{kiefer1953sequential,
  title={Sequential minimax search for a maximum},
  author={Kiefer, Jack},
  journal={Proceedings of the American Mathematical Society},
  volume={4},
  number={3},
  pages={502--506},
  year={1953},
  doi={10.2307/2032161}
}

@article{avriel1966fibonacci,
  title={Optimality proof for the symmetric Fibonacci search technique},
  author={Avriel, Mordecai and Wilde, Douglass J},
  journal={Fibonacci Quarterly},
  volume={4},
  number={3},
  pages={265--269},
  year={1966}
}

@book{nocedal2006numerical,
  title={Numerical Optimization},
  author={Nocedal, Jorge and Wright, Stephen J},
  edition={2nd},
  publisher={Springer},
  year={2006},
  isbn={978-0387303031},
  pages={664},
  doi={10.1007/978-0-387-40065-5}
}

@book{dennis1996numerical,
  title={Numerical Methods for Unconstrained Optimization and Nonlinear Equations},
  author={Dennis Jr, John E and Schnabel, Robert B},
  publisher={SIAM},
  year={1996},
  isbn={978-0898713640},
  pages={378},
  series={Classics in Applied Mathematics}
}

@book{fletcher2000practical,
  title={Practical Methods of Optimization},
  author={Fletcher, Roger},
  edition={2nd},
  publisher={Wiley},
  year={2000},
  isbn={978-0471494638},
  pages={436}
}

@book{bertsekas2016nonlinear,
  title={Nonlinear Programming},
  author={Bertsekas, Dimitri P},
  edition={3rd},
  publisher={Athena Scientific},
  year={2016},
  isbn={978-1886529052},
  pages={880}
}

@book{bazaraa2006nonlinear,
  title={Nonlinear Programming: Theory and Algorithms},
  author={Bazaraa, Mokhtar S and Sherali, Hanif D and Shetty, C M},
  edition={3rd},
  publisher={Wiley},
  year={2006},
  isbn={978-0471486008}
}

@article{berahas2022quasi,
  title={Quasi-{N}ewton methods for deep learning: Forget the past, just sample},
  author={Berahas, Albert S and Jahani, Majid and Tak{\'a}{\v{c}}, Martin},
  journal={Computational Optimization and Applications},
  volume={83},
  pages={1--33},
  year={2022},
  doi={10.1007/s10589-022-00381-5}
}

@inproceedings{prusina2025efficient,
  title={Efficient Line Search Method Based on Regression and Uncertainty Quantification},
  author={Prusina, Tomas and Laue, S{\"o}ren},
  booktitle={Learning and Intelligent Optimization},
  series={Lecture Notes in Computer Science},
  volume={14990},
  year={2025},
  publisher={Springer},
  doi={10.1007/978-3-031-75623-8_26}
}

@article{cartis2019stochastic,
  title={A stochastic line search method with expected complexity analysis},
  author={Cartis, Coralia and Gould, Nicholas IM and Toint, Philippe L},
  journal={SIAM Journal on Optimization},
  volume={29},
  number={2},
  pages={1532--1568},
  year={2019},
  doi={10.1137/18M1216250}
}

@article{zhang2004nonmonotone,
  title={A nonmonotone line search technique and its application to unconstrained optimization},
  author={Zhang, Hongchao and Hager, William W},
  journal={SIAM Journal on Optimization},
  volume={14},
  number={4},
  pages={1043--1056},
  year={2004},
  doi={10.1137/S1052623403428208}
}

@article{gratton2024worst,
  title={Worst Case Complexity Bounds for Linesearch-Type Derivative-Free Algorithms},
  author={Gratton, Serge and Sartenaer, Annick and Tshimanga, Jerome},
  journal={Journal of Optimization Theory and Applications},
  year={2024},
  doi={10.1007/s10957-024-02519-x}
}

@article{cartis2018complexity,
  title={Complexity bounds for second-order optimality in unconstrained optimization},
  author={Cartis, Coralia and Gould, Nicholas IM and Toint, Philippe L},
  journal={Journal of Complexity},
  volume={28},
  number={1},
  pages={93--108},
  year={2012},
  doi={10.1016/j.jco.2011.06.001}
}

@article{ibrahim2025brief,
  title={A brief survey of line search methods for optimization problems},
  author={Ibrahim, Mohammed Yusuf and Yunus, Rabiu and Moghrabi, Issam AR and Waziri, Mohammed Yusuf and Sambas, Aceng},
  journal={Results in Control and Optimization},
  volume={19},
  pages={100550},
  year={2025},
  doi={10.1016/j.rico.2025.100550}
}

@article{gill2021projected,
  title={Projected-Search Methods for Bound-Constrained Optimization},
  author={Gill, Philip E and Robinson, Daniel P},
  journal={arXiv preprint arXiv:2110.08359},
  year={2021}
}

@article{hynes2015polynomial,
  title={Polynomial expansion line search using {A}pache {S}park},
  author={Hynes, Tommy and De Sterck, Hans},
  journal={arXiv preprint arXiv:1510.08345},
  year={2015}
}

@article{yuan2017global,
  title={Global convergence of {BFGS} and {PRP} methods under a modified weak {W}olfe--{P}owell line search},
  author={Yuan, Gonglin and Lu, Xiwen},
  journal={Applied Mathematics and Computation},
  volume={295},
  pages={179--189},
  year={2017},
  doi={10.1016/j.amc.2016.10.014}
}

@phdthesis{dejong1975analysis,
  title={An analysis of the behavior of a class of genetic adaptive systems},
  author={De Jong, Kenneth Alan},
  school={University of Michigan},
  address={Ann Arbor, MI},
  year={1975},
  doi={10.7302/10966}
}

@article{jamil2013literature,
  title={A literature survey of benchmark functions for global optimisation problems},
  author={Jamil, Momin and Yang, Xin-She},
  journal={International Journal of Mathematical Modelling and Numerical Optimisation},
  volume={4},
  number={2},
  pages={150--194},
  year={2013},
  doi={10.1504/IJMMNO.2013.055204}
}

@article{goudar2023comparison,
  title={A comparison of nonlinear optimization methods for {R}osenbrock, {B}ooth, and {M}atyas functions},
  author={Goudar, Nikhil and Skaff, Kaitlyn},
  journal={Journal of Student Research},
  volume={12},
  number={4},
  year={2023},
  doi={10.47611/jsrhs.v12i4.5236}
}

@article{plevris2022collection,
  title={A collection of 30 multidimensional functions for global optimization benchmarking},
  author={Plevris, Vagelis and Solorzano, German},
  journal={Data},
  volume={7},
  number={4},
  pages={46},
  year={2022},
  doi={10.3390/data7040046}
}

@article{rosenbrock1960automatic,
  title={An automatic method for finding the greatest or least value of a function},
  author={Rosenbrock, Howard Harry},
  journal={The Computer Journal},
  volume={3},
  number={3},
  pages={175--184},
  year={1960},
  doi={10.1093/comjnl/3.3.175}
}

@book{rastrigin1974systems,
  title={Systems of extremal control},
  author={Rastrigin, Leonard Andreevich},
  publisher={Nauka},
  address={Moscow},
  year={1974},
  note={In Russian}
}

@inproceedings{hoffmeister1991genetic,
  title={Genetic algorithms and evolution strategies: similarities and differences},
  author={Hoffmeister, Frank and B{\"a}ck, Thomas},
  booktitle={Parallel Problem Solving from Nature},
  pages={455--469},
  year={1991},
  publisher={Springer},
  doi={10.1007/BFb0029787}
}

@book{ackley1987connectionist,
  title={A connectionist machine for genetic hillclimbing},
  author={Ackley, David H},
  series={The Kluwer International Series in Engineering and Computer Science},
  volume={28},
  publisher={Springer},
  year={1987},
  doi={10.1007/978-1-4613-1997-9}
}

@article{back1993overview,
  title={An overview of evolutionary algorithms for parameter optimization},
  author={B{\"a}ck, Thomas and Schwefel, Hans-Paul},
  journal={Evolutionary Computation},
  volume={1},
  number={1},
  pages={1--23},
  year={1993},
  doi={10.1162/evco.1993.1.1.1}
}

@book{michalewicz1996genetic,
  title={Genetic algorithms + data structures = evolution programs},
  author={Michalewicz, Zbigniew},
  edition={3rd},
  publisher={Springer-Verlag},
  address={Berlin},
  year={1996},
  isbn={978-3-540-60676-5},
  doi={10.1007/978-3-662-03315-9}
}

@article{griewank1981generalized,
  title={Generalized descent for global optimization},
  author={Griewank, Andreas O},
  journal={Journal of Optimization Theory and Applications},
  volume={34},
  number={1},
  pages={11--39},
  year={1981},
  doi={10.1007/BF00933356}
}

@article{locatelli2003note,
  title={A note on the {G}riewank test function},
  author={Locatelli, Marco},
  journal={Journal of Global Optimization},
  volume={25},
  number={2},
  pages={169--174},
  year={2003}
}

@article{styblinski1990experiments,
  title={Experiments in nonconvex optimization: Stochastic approximation with function smoothing and simulated annealing},
  author={Styblinski, Mark A and Tang, Tsong-Shou},
  journal={Neural Networks},
  volume={3},
  number={4},
  pages={467--483},
  year={1990},
  doi={10.1016/0893-6080(90)90004-C}
}

@book{schwefel1995evolution,
  title={Evolution and Optimum Seeking},
  author={Schwefel, Hans-Paul},
  publisher={John Wiley \& Sons},
  address={New York},
  year={1995}
}

@book{schwefel1981numerical,
  title={Numerical Optimization for Computer Models},
  author={Schwefel, Hans-Paul},
  publisher={John Wiley \& Sons},
  year={1981}
}

@article{beyer2002evolution,
  title={Evolution strategies -- A comprehensive introduction},
  author={Beyer, Hans-Georg and Schwefel, Hans-Paul},
  journal={Natural Computing},
  volume={1},
  number={1},
  pages={3--52},
  year={2002},
  doi={10.1023/A:1015059928466}
}

@article{goldstein1971descent,
  title={On descent from local minima},
  author={Goldstein, Allen A and Price, John F},
  journal={Mathematics of Computation},
  volume={25},
  number={115},
  pages={569--574},
  year={1971},
  doi={10.2307/2004581}
}

@book{himmelblau1972applied,
  title={Applied Nonlinear Programming},
  author={Himmelblau, David M},
  publisher={McGraw-Hill},
  address={New York},
  year={1972}
}

@article{hoerl1970ridge,
  title={Ridge regression: Biased estimation for nonorthogonal problems},
  author={Hoerl, Arthur E and Kennard, Robert W},
  journal={Technometrics},
  volume={12},
  number={1},
  pages={55--67},
  year={1970},
  doi={10.1080/00401706.1970.10488634}
}

@article{tikhonov1963solution,
  title={Solution of incorrectly formulated problems and the regularization method},
  author={Tikhonov, Andrey Nikolayevich},
  journal={Soviet Mathematics Doklady},
  volume={4},
  pages={1035--1038},
  year={1963}
}

@book{hastie2009elements,
  title={The Elements of Statistical Learning: Data Mining, Inference, and Prediction},
  author={Hastie, Trevor and Tibshirani, Robert and Friedman, Jerome},
  edition={2nd},
  publisher={Springer},
  year={2009},
  isbn={978-0-387-84857-0},
  doi={10.1007/978-0-387-84858-7},
  url={https://hastie.su.domains/ElemStatLearn/}
}

@book{bishop2006pattern,
  title={Pattern Recognition and Machine Learning},
  author={Bishop, Christopher M},
  publisher={Springer},
  year={2006},
  isbn={978-0-387-31073-2},
  doi={10.1007/978-0-387-45528-0}
}

@article{cortes1995support,
  title={Support-vector networks},
  author={Cortes, Corinna and Vapnik, Vladimir},
  journal={Machine Learning},
  volume={20},
  number={3},
  pages={273--297},
  year={1995},
  doi={10.1007/BF00994018}
}

@inproceedings{boser1992training,
  title={A training algorithm for optimal margin classifiers},
  author={Boser, Bernhard E and Guyon, Isabelle M and Vapnik, Vladimir N},
  booktitle={Proceedings of the Fifth Annual Workshop of Computational Learning Theory},
  volume={5},
  pages={144--152},
  year={1992}
}

@book{vapnik1998statistical,
  title={Statistical Learning Theory},
  author={Vapnik, Vladimir N},
  publisher={Wiley-Interscience},
  year={1998}
}

@inproceedings{nair2010rectified,
  title={Rectified linear units improve restricted {B}oltzmann machines},
  author={Nair, Vinod and Hinton, Geoffrey E},
  booktitle={Proceedings of the 27th International Conference on Machine Learning},
  pages={807--814},
  year={2010}
}

@inproceedings{glorot2011deep,
  title={Deep sparse rectifier neural networks},
  author={Glorot, Xavier and Bordes, Antoine and Bengio, Yoshua},
  booktitle={Proceedings of the 14th International Conference on Artificial Intelligence and Statistics},
  pages={315--323},
  year={2011}
}

@article{rumelhart1986learning,
  title={Learning representations by back-propagating errors},
  author={Rumelhart, David E and Hinton, Geoffrey E and Williams, Ronald J},
  journal={Nature},
  volume={323},
  number={6088},
  pages={533--536},
  year={1986}
}

@article{lecun1998gradient,
  title={Gradient-based learning applied to document recognition},
  author={LeCun, Yann and Bottou, L{\'e}on and Bengio, Yoshua and Haffner, Patrick},
  journal={Proceedings of the IEEE},
  volume={86},
  number={11},
  pages={2278--2324},
  year={1998},
  doi={10.1109/5.726791}
}

@misc{lecun2010mnist,
  title={The {MNIST} database of handwritten digits},
  author={LeCun, Yann and Cortes, Corinna and Burges, Christopher JC},
  url={http://yann.lecun.com/exdb/mnist/},
  year={2010}
}

@article{bartz2020benchmarking,
  title={Benchmarking in optimization: Best practice and open issues},
  author={Bartz-Beielstein, Thomas and Chiarandini, Marco and Paquete, Lu{\'\i}s and Preuss, Mike},
  journal={arXiv preprint arXiv:2007.03488},
  year={2020}
}

@article{bottou2018optimization,
  title={Optimization methods for large-scale machine learning},
  author={Bottou, L{\'e}on and Curtis, Frank E and Nocedal, Jorge},
  journal={SIAM Review},
  volume={60},
  number={2},
  pages={223--311},
  year={2018}
}

@book{boyd2004convex,
  title={Convex Optimization},
  author={Boyd, Stephen and Vandenberghe, Lieven},
  publisher={Cambridge University Press},
  year={2004},
  isbn={978-0-521-83378-3},
  url={https://stanford.edu/~boyd/cvxbook/}
}

@book{deb2001multi,
  title={Multi-Objective Optimization Using Evolutionary Algorithms},
  author={Deb, Kalyanmoy},
  publisher={Wiley},
  year={2001},
  isbn={978-0-471-87339-6}
}

@book{back1997handbook,
  title={Handbook of Evolutionary Computation},
  author={Back, Thomas and Fogel, David B and Michalewicz, Zbigniew},
  publisher={CRC Press},
  year={1997},
  isbn={978-0-750-30392-7},
  doi={10.1201/9780367802486}
}

@book{goodfellow2016deep,
  title={Deep Learning},
  author={Goodfellow, Ian and Bengio, Yoshua and Courville, Aaron},
  publisher={MIT Press},
  year={2016},
  isbn={978-0-262-03561-3},
  url={https://www.deeplearningbook.org/}
}

@article{cauchy1847methode,
  title={M{\'e}thode g{\'e}n{\'e}rale pour la r{\'e}solution des syst{\`e}mes d'{\'e}quations simultan{\'e}es},
  author={Cauchy, Augustin},
  journal={Comptes Rendus de l'Acad{\'e}mie des Sciences},
  volume={25},
  pages={536--538},
  year={1847}
}

@article{polyak1964some,
  title={Some methods of speeding up the convergence of iteration methods},
  author={Polyak, Boris T},
  journal={USSR Computational Mathematics and Mathematical Physics},
  volume={4},
  number={5},
  pages={1--17},
  year={1964},
  doi={10.1016/0041-5553(64)90137-5}
}

@article{nesterov1983method,
  title={A method for unconstrained convex minimization problem with the rate of convergence {O}(1/k²)},
  author={Nesterov, Yurii},
  journal={Doklady AN USSR},
  volume={269},
  pages={543--547},
  year={1983}
}

@article{kingma2015adam,
  title={Adam: A method for stochastic optimization},
  author={Kingma, Diederik P and Ba, Jimmy},
  journal={arXiv preprint arXiv:1412.6980},
  year={2015},
  doi={10.48550/arXiv.1412.6980}
}

@article{broyden1970convergence,
  title={The convergence of a class of double-rank minimization algorithms 1. {G}eneral considerations},
  author={Broyden, Charles George},
  journal={IMA Journal of Applied Mathematics},
  volume={6},
  number={1},
  pages={76--90},
  year={1970},
  doi={10.1093/imamat/6.1.76}
}

@article{fletcher1970new,
  title={A new approach to variable metric algorithms},
  author={Fletcher, Roger},
  journal={The Computer Journal},
  volume={13},
  number={3},
  pages={317--322},
  year={1970},
  doi={10.1093/comjnl/13.3.317}
}

@article{goldfarb1970family,
  title={A family of variable-metric methods derived by variational means},
  author={Goldfarb, Donald},
  journal={Mathematics of Computation},
  volume={24},
  number={109},
  pages={23--26},
  year={1970},
  doi={10.1090/S0025-5718-1970-0258249-6}
}

@article{shanno1970conditioning,
  title={Conditioning of quasi-{N}ewton methods for function minimization},
  author={Shanno, David F},
  journal={Mathematics of Computation},
  volume={24},
  number={111},
  pages={647--656},
  year={1970},
  doi={10.1090/S0025-5718-1970-0274029-X}
}

@article{liu1989limited,
  title={On the limited memory {BFGS} method for large scale optimization},
  author={Liu, Dong C and Nocedal, Jorge},
  journal={Mathematical Programming},
  volume={45},
  number={1-3},
  pages={503--528},
  year={1989},
  doi={10.1007/BF01589116}
}

@article{more1983computing,
  title={Computing a trust region step},
  author={Mor{\'e}, Jorge J and Sorensen, Danny C},
  journal={SIAM Journal on Scientific and Statistical Computing},
  volume={4},
  number={3},
  pages={553--572},
  year={1983},
  doi={10.1137/0904038}
}

@article{morales2000automatic,
  title={Automatic preconditioning by limited memory quasi-{N}ewton updating},
  author={Morales, Jos{\'e} Luis and Nocedal, Jorge},
  journal={SIAM Journal on Optimization},
  volume={10},
  number={4},
  pages={1079--1096},
  year={2000},
  doi={10.1137/S1052623497327854}
}

@article{byrd1995limited,
  title={A limited memory algorithm for bound constrained optimization},
  author={Byrd, Richard H and Lu, Peihuang and Nocedal, Jorge and Zhu, Ciyou},
  journal={SIAM Journal on Scientific Computing},
  volume={16},
  number={5},
  pages={1190--1208},
  year={1995},
  doi={10.1137/0916069}
}

@article{more2009benchmarking,
  title={Benchmarking derivative-free optimization algorithms},
  author={Mor{\'e}, Jorge J and Wild, Stefan M},
  journal={SIAM Journal on Optimization},
  volume={20},
  number={1},
  pages={172--191},
  year={2009},
  doi={10.1137/080724083}
}

@article{schmidt2021descending,
  title={Descending through a crowded valley--benchmarking deep learning optimizers},
  author={Schmidt, Robin M and Schneider, Frank and Hennig, Philipp},
  journal={International Conference on Machine Learning},
  pages={9367--9376},
  year={2021}
}

@article{hansen2016coco,
  title={{COCO}: A platform for comparing continuous optimizers in a black-box setting},
  author={Hansen, Nikolaus and Auger, Anne and Ros, Raymond and Mersmann, Olaf and Tu{\v{s}}ar, Tea and Brockhoff, Dimo},
  journal={arXiv preprint arXiv:1603.08785},
  year={2016},
  doi={10.48550/arXiv.1603.08785}
}

@article{beiranvand2017best,
  title={Best practices for comparing optimization algorithms},
  author={Beiranvand, Vahid and Hare, Warren and Lucet, Yves},
  journal={Optimization and Engineering},
  volume={18},
  number={4},
  pages={815--848},
  year={2017},
  doi={10.1007/s11081-017-9366-1}
}

@article{liang2013problem,
  title={Problem definitions and evaluation criteria for the {CEC} 2013 special session on real-parameter optimization},
  author={Liang, Jing J and Qu, Bo Yang and Suganthan, Ponnuthurai Nagaratnam and Hern{\'a}ndez-D{\'\i}az, Alfredo G},
  journal={Computational Intelligence Laboratory, Zhengzhou University, Zhengzhou, China and Nanyang Technological University, Singapore, Technical Report},
  volume={201212},
  year={2013}
}

@article{wu2017problem,
  title={Problem definitions and evaluation criteria for the {CEC} 2017 competition on constrained real-parameter optimization},
  author={Wu, Guohua and Mallipeddi, Rammohan and Suganthan, Ponnuthurai Nagaratnam},
  journal={National University of Defense Technology, Changsha, Hunan, PR China and Kyungpook National University, Daegu, South Korea and Nanyang Technological University, Singapore, Technical Report},
  year={2017}
}

@article{yue2020problem,
  title={Problem definitions and evaluation criteria for the {CEC} 2020 special session and competition on single objective bound constrained numerical optimization},
  author={Yue, Caitong and Price, Kenneth V and Suganthan, Ponnuthurai Nagaratnam and Liang, Jing J and Ali, Mazin Zaid and Qu, Bo Yang and Awad, Noor H and Biswas, Partha Pratim},
  journal={Computational Intelligence Laboratory, Zhengzhou University, Zhengzhou China, Technical Report},
  year={2020}
}

@article{derrac2011practical,
  title={A practical tutorial on the use of nonparametric statistical tests as a methodology for comparing evolutionary and swarm intelligence algorithms},
  author={Derrac, Joaqu{\'\i}n and Garc{\'\i}a, Salvador and Molina, Daniel and Herrera, Francisco},
  journal={Swarm and Evolutionary Computation},
  volume={1},
  number={1},
  pages={3--18},
  year={2011},
  doi={10.1016/j.swevo.2011.02.002}
}

@article{choi2020empirical,
  title={On empirical comparisons of optimizers for deep learning},
  author={Choi, Dami and Shallue, Christopher J and Nado, Zachary and Lee, Jaehoon and Maddison, Chris J and Dahl, George E},
  journal={arXiv preprint arXiv:1910.05446},
  year={2020}
}

@article{irwin2020secant,
  title={Secant penalized {BFGS}: A noise robust quasi-{N}ewton method via penalizing the secant condition},
  author={Irwin, Andrew and Bose, Neil and Dattani, Nike S},
  journal={arXiv preprint arXiv:2010.01275},
  year={2020},
  doi={10.48550/arXiv.2010.01275}
}

@article{powell2009bobyqa,
  title={The {BOBYQA} algorithm for bound constrained optimization without derivatives},
  author={Powell, Michael JD},
  journal={Cambridge NA Report NA2009/06, University of Cambridge, Cambridge},
  year={2009}
}

@article{sohl2014fast,
  title={Fast large-scale optimization by unifying stochastic gradient and quasi-{N}ewton methods},
  author={Sohl-Dickstein, Jascha and Poole, Ben and Ganguli, Surya},
  journal={International Conference on Machine Learning},
  pages={604--612},
  year={2014}
}

@article{vandenberg2019hybrid,
  title={A hybrid quasi-{N}ewton projected-gradient method with application to {L}asso and basis-pursuit denoising},
  author={Van den Berg, Ewout and Friedlander, Michael P},
  journal={Mathematical Programming Computation},
  volume={11},
  number={4},
  pages={663--693},
  year={2019},
  doi={10.1007/s10107-018-1341-x}
}

@article{zhang2024new,
  title={A new hybrid conjugate gradient method close to the memoryless {BFGS} quasi-{N}ewton method and its application in image restoration and machine learning},
  author={Zhang, Yuting and Yang, Songhua},
  journal={AIMS Mathematics},
  volume={9},
  number={5},
  pages={27411--27446},
  year={2024},
  doi={10.3934/math.20241334}
}
